<record><leader>00000cas a22000007a 4500</leader><controlfield tag="001">12089719</controlfield><controlfield tag="008">850529d1794179unyuwr ne      0    0eng d</controlfield><datafield ind1=" " ind2=" " tag="010"><subfield code="a">sn 85026207 </subfield></datafield><datafield ind1=" " ind2=" " tag="040"><subfield code="a">NPX</subfield><subfield code="b">eng</subfield><subfield code="c">NPX</subfield><subfield code="d">CNK</subfield><subfield code="d">OCLCG</subfield><subfield code="d">OCLCQ</subfield></datafield><datafield ind1=" " ind2=" " tag="042"><subfield code="a">msc</subfield></datafield><datafield ind1="0" ind2="0" tag="245"><subfield code="a">Columbian Mercury, and Canaan repository of rural knowledge.</subfield></datafield><datafield ind1=" " ind2=" " tag="260"><subfield code="a">Canaan, N.Y. :</subfield><subfield code="b">Elihu Phinney</subfield></datafield><datafield ind1=" " ind2=" " tag="300"><subfield code="a">v.</subfield></datafield><datafield ind1=" " ind2=" " tag="310"><subfield code="a">Weekly</subfield></datafield><datafield ind1="1" ind2=" " tag="362"><subfield code="a">Began with June 11, 1794 issue?</subfield><subfield code="z">Cf. Brigham, C.S. Amer. newspapers.</subfield></datafield><datafield ind1=" " ind2=" " tag="500"><subfield code="a">References: Evans 26793; Brigham, C.S. Amer. newspapers, p. 559.</subfield></datafield><datafield ind1=" " ind2=" " tag="588"><subfield code="a">Description based on: No. 14 (Sept. 10, 1794).</subfield></datafield><datafield ind1="1" ind2=" " tag="700"><subfield code="a">Phinney, Elihu,</subfield><subfield code="d">1756-1813.</subfield></datafield><datafield ind1=" " ind2=" " tag="752"><subfield code="a">United States</subfield><subfield code="b">New York</subfield><subfield code="c">Columbia</subfield><subfield code="d">Canaan.</subfield></datafield></record>